@article{Walker2022,
author={Walker, Susan H.},
title={Effect of the COVID-19 pandemic on contraceptive prescribing in general practice: a retrospective analysis of English prescribing data between 2019 and 2020},
journal={Contraception and Reproductive Medicine},
year={2022},
month={Mar},
day={14},
volume={7},
number={1},
pages={3},
abstract={This paper looks at how contraceptive prescribing by General Practices in England was affected by the COVID-19pandemic and lockdown. It compares English prescribing data in April -- June 2019, the year before COVID19, and April--June 2020, the first three months of `lockdown'.},
issn={2055-7426},
doi={10.1186/s40834-022-00169-w},
url={https://doi.org/10.1186/s40834-022-00169-w}
}

@Manual{RCoreTeam2021,
    title = {R v4.3.0: A Language and Environment for Statistical Computing},
    author = {{R Core Team}},
    organization = {R Foundation for Statistical Computing},
    address = {Vienna, Austria},
    year = {2023},
    url = {https://www.R-project.org/},
  }

@Manual{EHC2015,
    title = {Emergency Hormonal Contraception (EHC) Service Service Specification},
    author = {MacCrimmon, Suzanne},
    organization = {Community Pharmacy Scotland},
    address = {Edinburgh, Scotland},
    year = {2015},
    url = {https://members.cps.scot/media/e5fbbpn3/109813-ehcservicespec_17sep2015.pdf},
  }

  @Manual{BNF2023,
  author = {{Joint Formulary Committee}},
  title = {British National Formulary (online)},
  address = {London},
  year = {2023},
  publisher = {BMJ and Pharmaceutical Press},
  url = {https://bnf.nice.org.uk},
  urldate = {21/07/2023}
  }
